@manual{kuka:kr16,
organization = {KUKA Roboter GmbH},
title = {TECHNICAL DATA KR 16},
day = {04},
month = {03},
year = {2004},
}

@misc{SINTEF:robotlab,
  author = {P. Liljeb√§ck and T. Mugaas and T. Kavli and A. Ferber and H. Schumann-Olsen and G. Johansen and A. A. Transeth},
  title = {Design document for Robotic Lab},
  organization = {SINTEF ICT},
  version = {Rev 1.2.2},
  date = {2008-07-28}
}

@misc{ros:metrics,
  author = {T. Foote},
  title = {ROS Community Metrics Report},
  month = 07,
  year = 2016,
  howpublished = {http://download.ros.org/downloads/metrics/metrics-report-2016-07.pdf}
}

@inproceedings{quigley2009ros,
  title={ROS: an open-source Robot Operating System},
  author={Quigley, Morgan and Conley, Ken and Gerkey, Brian and Faust, Josh and Foote, Tully and Leibs, Jeremy and Wheeler, Rob and Ng, Andrew Y},
  booktitle={ICRA workshop on open source software},
  volume={3},
  number={3.2},
  pages={5},
  year={2009},
}

@online{rosi:description,
  title = {Description - {ROS-Industrial}},
  url = {http://rosindustrial.org/about/description/},
  urldate = {2016-12-15}
}

@online{ros:actionlib,
  title = {{a}ctionlib - {ROS Wiki}},
  url = {http://wiki.ros.org/actionlib},
  urldate = {2016-12-15}
}

@online{ros:topics,
  title = {Topics - {ROS Wiki}},
  url = {http://wiki.ros.org/Topics},
  urldate = {2016-12-15}
}

@online{ros:control,
  title = {{r}os\_control - {ROS Wiki}},
  url = {http://wiki.ros.org/ros_control},
  urldate = {2016-12-15}
}

@online{gazebosim,
  title = {Gazebo},
  url = {http://gazebosim.org},
  urldate = {2016-12-15}
}


@online{ros:moveit,
  author = {I. A. Sucan and S. Chitta},
  title = {MoveIt!},
  url = {http://moveit.ros.org},
  urldate = {2016-12-15}
}